@article{sereno2012taxonomy,
  title={Taxonomy, morphology, masticatory function and phylogeny of heterodontosaurid dinosaurs},
  author={Sereno, P. C.},
  journal={ZooKeys},
  volume={226},
  pages={1--225},
  year={2012},
  doi={10.3897/zookeys.226.2840}
}

@misc{dogcollars,
  title={Sizing Instructions for Dog Collars},
  howpublished={DTDogCollars Website},
  note={\url{https://www.dtdogcollars.com/Sizing-Instructions-for-Muzzles-Harness-Collars-Leashes-s/192.htm}},
}

@online{video1,
  title={Fritz Learns to Catch Compilation 1},
  author={Fritz Dog},
  year={2015},
  url={https://www.youtube.com/watch?v=DM0QRmOdmmU&list=PLHUyzRr_S0TtPBq1fbkxo0I7Qelgk6Cpr}
}

@online{video2,
  title={Fritz Learns To Catch Compilation 2},
  author={Fritz Dog},
  year={2015},
  url={https://www.youtube.com/watch?v=u2a3K5iMf1k&list=PLHUyzRr_S0TtPBq1fbkxo0I7Qelgk6Cpr&index=2}
}

@misc{imagenetdogs,
    title = {{ImageNet Dogs}},
    author = {Aditya Khosla and Nityananda Jayadevaprakash and Bangpeng Yao and Li Fei-Fei},
    howpublished = {\url{http://vision.stanford.edu/aditya86/ImageNetDogs/}},
    year = {2011}
}
